<?xml version="1.0" encoding="UTF-8"?><collection xmlns="http://www.loc.gov/MARC21/slim"><record><leader>00448nam--2200169-i-4500</leader><controlfield tag="001">000039183</controlfield><controlfield tag="002">20161230</controlfield><controlfield tag="005">20161230201042</controlfield><controlfield tag="008">060222s1000------------r-----000-0-eng-d</controlfield><datafield ind1=" " ind2=" " tag="040"><subfield code="a">IFIN-HH</subfield></datafield><datafield ind1=" " ind2=" " tag="080"><subfield code="a">539.12(083)</subfield></datafield><datafield ind1="1" ind2=" " tag="100"><subfield code="a">Rittenberg,Alan</subfield></datafield><datafield ind1="1" ind2="0" tag="245"><subfield code="a">Review of particle properties</subfield><subfield code="b">Particle data group</subfield><subfield code="c">Alan rittenberg (s.a.)</subfield></datafield><datafield ind1=" " ind2=" " tag="260"><subfield code="a">Geneva</subfield><subfield code="b">Cern</subfield><subfield code="c">1971</subfield></datafield><datafield ind1=" " ind2=" " tag="300"><subfield code="a">150P</subfield></datafield><datafield ind1=" " ind2=" " tag="852"><subfield code="a">36808</subfield><subfield code="c">539.12</subfield></datafield><datafield ind1=" " ind2=" " tag="CAT"><subfield code="a">Sys</subfield><subfield code="c">20111122</subfield><subfield code="h">155012</subfield></datafield></record></collection>